<?xml version="1.0" encoding="UTF-8"?><collection xmlns="http://www.loc.gov/MARC21/slim"><record><leader>02511cpcaa22003737a 4500</leader><controlfield tag="001">4780407</controlfield><controlfield tag="005">20210126145400.0</controlfield><controlfield tag="008">010710i19492016ctu                 eng d</controlfield><datafield tag="035" ind1=" " ind2=" "><subfield code="9">(YUL)ead.mssa.ms.1790</subfield></datafield><datafield tag="035" ind1=" " ind2=" "><subfield code="9">FNY0797YL</subfield></datafield><datafield tag="035" ind1=" " ind2=" "><subfield code="a">(CStRLIN)CTYV01-A199</subfield></datafield><datafield tag="035" ind1=" " ind2=" "><subfield code="a">(OCoLC)ocn702239424</subfield></datafield><datafield tag="035" ind1=" " ind2=" "><subfield code="a">4780407</subfield></datafield><datafield tag="040" ind1=" " ind2=" "><subfield code="a">CtY</subfield><subfield code="b">eng</subfield><subfield code="c">CtY</subfield><subfield code="e">appm</subfield></datafield><datafield tag="079" ind1=" " ind2=" "><subfield code="a">(OCoLC)702164713</subfield></datafield><datafield tag="090" ind1=" " ind2=" "><subfield code="b">MS 1790</subfield></datafield><datafield tag="100" ind1="1" ind2=" "><subfield code="a">Davis, David Brion.</subfield><subfield code="0">http://id.loc.gov/authorities/names/n79139645</subfield></datafield><datafield tag="245" ind1="1" ind2="0"><subfield code="a">David Brion Davis papers,</subfield><subfield code="f">1949-2016 (inclusive).</subfield></datafield><datafield tag="300" ind1=" " ind2=" "><subfield code="a">56.67 linear feet (112 boxes)</subfield></datafield><datafield tag="506" ind1="1" ind2=" "><subfield code="3">Boxes 7-13</subfield><subfield code="a">are closed until processed.</subfield></datafield><datafield tag="520" ind1=" " ind2=" "><subfield code="a">The papers include correspondence, teaching files, lecture notes, writings, research files, program files, personal papers, and student recommendations of David Brion Davis, historian and professor of history at Cornell University, 1955-1969 and Yale University, 1969-2001.</subfield></datafield><datafield tag="524" ind1=" " ind2=" "><subfield code="a">David Brion Davis Papers (MS 1790). Manuscripts and Archives, Yale University Library.</subfield></datafield><datafield tag="540" ind1=" " ind2=" "><subfield code="a">Copyright is retained by David Brion Davis and his heirs for materials authored or otherwise produced by Davis. On January 2, 2027, all copyright held by Davis and his heirs passes to Yale University. Copyright status for other collection materials is unknown. Additional information is provided in the finding aid.</subfield></datafield><datafield tag="545" ind1=" " ind2=" "><subfield code="a">David Brion Davis was born February 16, 1927 in Denver, Colorado to Clyde Brion and Martha Davis. He received a BA. from Dartmouth College in 1950 and a PhD from Harvard University in 1956. Davis was a professor in the history department at Cornell University from 1955 to 1969 and a professor of history at Yale University from 1970 until his retirement in 2001. Davis died on April 14, 2019.</subfield></datafield><datafield tag="555" ind1=" " ind2=" "><subfield code="a">The finding aid is available in the repository and on the Internet.</subfield></datafield><datafield tag="561" ind1=" " ind2=" "><subfield code="a">Gift of David Brion Davis, 2001 and 2016.</subfield></datafield><datafield tag="600" ind1="1" ind2="0"><subfield code="a">Davis, David Brion.</subfield><subfield code="0">http://id.loc.gov/authorities/names/n79139645</subfield></datafield><datafield tag="610" ind1="2" ind2="0"><subfield code="a">Yale University</subfield><subfield code="x">Faculty.</subfield></datafield><datafield tag="610" ind1="2" ind2="0"><subfield code="a">Yale University.</subfield><subfield code="b">Department of History.</subfield><subfield code="0">http://id.loc.gov/authorities/names/no93012254</subfield></datafield><datafield tag="650" ind1=" " ind2="0"><subfield code="a">Historians</subfield><subfield code="z">United States</subfield><subfield code="y">20th century.</subfield></datafield><datafield tag="650" ind1=" " ind2="0"><subfield code="a">Slavery.</subfield></datafield><datafield tag="650" ind1=" " ind2="0"><subfield code="a">Slavery</subfield><subfield code="x">Antislavery movements.</subfield></datafield><datafield tag="852" ind1=" " ind2=" "><subfield code="a">Manuscripts and Archives,</subfield><subfield code="b">Yale University Library,</subfield><subfield code="e">Box 208240, New Haven, CT 06520-8240.</subfield></datafield><datafield tag="856" ind1="4" ind2="2"><subfield code="3">View a description and listing of collection contents in the finding aid</subfield><subfield code="u">http://hdl.handle.net/10079/fa/mssa.ms.1790</subfield></datafield></record></collection>